@gitcommit{3ba4c47,
 author = {claudio},
 date = {2017-11-26},
 title = {versione iniziale
},
 commithash = {3ba4c47bb386c94ed43d97f49b757c060504908a} }
@gitcommit{22cd348,
 author = {claudio},
 date = {2017-11-26},
 title = {inizio limite finito per x che tende a valore finito
},
 commithash = {22cd348021f2bde3998b121a2d9c03b8dda07ace} }
@gitcommit{094f604,
 author = {claudio},
 date = {2017-11-28},
 title = {Limite finito per x  che tende a valore finito.

Limite sinistro e limite destro.
},
 commithash = {094f6040e1ba9df220c367ac3e85958890f0715d} }
@gitcommit{d68b2df,
 author = {claudio},
 date = {2017-11-28},
 title = {grafico FunzioneSegno
},
 commithash = {d68b2df63272e48efb85e818da9581f7de643827} }
@gitcommit{660b176,
 author = {claudio},
 date = {2017-12-02},
 title = {rifiniture
},
 commithash = {660b176d7e18b11d573fc59768af6ac613b6abc9} }
@gitcommit{bcb93b9,
 author = {claudio},
 date = {2017-12-03},
 title = {aggiunti limiti.tex

modificato tabellequinto.tex
},
 commithash = {bcb93b9b5f16f25bedf4047e5ed1701bc1d5896c} }
@gitcommit{58766b4,
 author = {claudio},
 date = {2017-12-04},
 title = {limiti.tex

impostato stato bozza
},
 commithash = {58766b46d6e1a62bb02222c1e464971e48c25806} }
@gitcommit{c3e67b9,
 author = {claudio},
 date = {2017-12-10},
 title = {pulizia codice
},
 commithash = {c3e67b9f6bc927269018e53e1b262f425e9df142} }
@gitcommit{f7861b8,
 author = {claudio},
 date = {2018-01-23},
 title = {aggiunti  limiti funzioni razionali

aggiunti asintoti verticali
},
 commithash = {f7861b896e9e8ea1c50077018aea66f19455d78b} }
@gitcommit{a64c2e1,
 author = {claudio},
 date = {2018-01-24},
 title = {asintoti
},
 commithash = {a64c2e183538ccc8014c51ece1c4a5700bdf2e2c} }
@gitcommit{6ad61c7,
 author = {claudio},
 date = {2018-01-26},
 title = {Aggiunta classificazione asintoti verticali
},
 commithash = {6ad61c737de813f95f8b658a33655c7c0409277a} }
@gitcommit{ec1e78d,
 author = {claudio},
 date = {2018-01-27},
 title = {aggiunto altro su asintoti
},
 commithash = {ec1e78d43ff6c0071e24394fc7c6071254a9ec4b} }
@gitcommit{d3918c8,
 author = {claudio},
 date = {2018-01-27},
 title = {aggiunti grafici asintoti orizzontali ed obliqui
},
 commithash = {d3918c8a06dec245db32076c127191aeba14a41b} }
@gitcommit{01717a8,
 author = {claudio},
 date = {2018-01-28},
 title = {aggiunti esercizi
},
 commithash = {01717a8bb93cc430c740476cb491cdc6c2754139} }
@gitcommit{b60a948,
 author = {Claudio Duchi},
 date = {2019-07-03},
 title = {txs auto checkin
},
 commithash = {b60a9487516fe367b033ada25fac3ab5881a7b27} }
@gitcommit{d87a9a3,
 author = {Claudio Duchi},
 date = {2019-07-03},
 title = {txs auto checkin
},
 commithash = {d87a9a3d8a65478ed317110c54ccf30b445f5b38} }
@gitcommit{f7819ac,
 author = {Claudio Duchi},
 date = {2019-07-03},
 title = {txs auto checkin
},
 commithash = {f7819ac5ca48a13512aa49af8a86acf41027288a} }
@gitcommit{31d01b7,
 author = {Claudio Duchi},
 date = {2019-07-03},
 title = {txs auto checkin
},
 commithash = {31d01b7157bcc4dc758de653d40d3f5532e8eec5} }
@gitcommit{5b40cc0,
 author = {Claudio Duchi},
 date = {2019-07-03},
 title = {txs auto checkin
},
 commithash = {5b40cc0264523f90a3400cbb17bec1b9ff56d621} }
@gitcommit{77b08a9,
 author = {Claudio Duchi},
 date = {2019-07-03},
 title = {aggiornamento
},
 commithash = {77b08a9ff8d09c181aabb62bcd1fed84e3d061b1} }
@gitcommit{58ad31b,
 author = {Claudio Duchi},
 date = {2019-07-03},
 title = {txs auto checkin
},
 commithash = {58ad31b71be4d0c26e27ca93c7bc16e5635f8c2a} }
@gitcommit{cef1ff6,
 author = {Claudio Duchi},
 date = {2019-07-03},
 title = {Committed by TeXstudio
},
 commithash = {cef1ff694b3ed8b697502196ed8e60e6366f1725} }
@gitcommit{b33bfc4,
 author = {Claudio Duchi},
 date = {2019-07-03},
 title = {versione basa
},
 commithash = {b33bfc43a13ffac7927f93dbb54fdae67e6647a6} }
@gitcommit{64418fc,
 author = {Claudio Duchi},
 date = {2019-07-04},
 title = {txs auto checkin
},
 commithash = {64418fce854f34fbe0d131d2b0081d524d6fba78} }
@gitcommit{45c1a9f,
 author = {Claudio Duchi},
 date = {2019-07-04},
 title = {txs auto checkin
},
 commithash = {45c1a9fb35db2c22ca656bcfba943e6830f65682} }
@gitcommit{12b9faa,
 author = {Claudio Duchi},
 date = {2019-07-04},
 title = {txs auto checkin
},
 commithash = {12b9faa4f4507d039a33a92dcbd3230f3adcf75f} }
@gitcommit{390c9db,
 author = {Claudio Duchi},
 date = {2019-07-04},
 title = {txs auto checkin
},
 commithash = {390c9db35f0f48a1c95fc75cbc6a4e4e6d25398b} }
@gitcommit{fcc00f6,
 author = {Claudio Duchi},
 date = {2019-07-04},
 title = {txs auto checkin
},
 commithash = {fcc00f631f2eea419b9679ec3fcf8f40373d371a} }
@gitcommit{ca2f74c,
 author = {Claudio Duchi},
 date = {2019-07-04},
 title = {Bozza
},
 commithash = {ca2f74cd8c34bd8734e4c9f529a739ccc462a35a} }
@gitcommit{bb46261,
 author = {Claudio Duchi},
 date = {2019-07-04},
 title = {bozza
},
 commithash = {bb4626151bdd212a0b575fa6a9924c1dfacbe25f} }
@gitcommit{208947d,
 author = {Claudio Duchi},
 date = {2019-07-09},
 title = {txs auto checkin
},
 commithash = {208947d4c4e8ae050057a059d89476d82a98ca11} }
@gitcommit{795c374,
 author = {Claudio Duchi},
 date = {2019-07-09},
 title = {txs auto checkin
},
 commithash = {795c374ef35903033cb57524cedd0cee061c384e} }
@gitcommit{9e02f33,
 author = {Claudio Duchi},
 date = {2019-07-09},
 title = {txs auto checkin
},
 commithash = {9e02f33e7d9f95cd4808e9f61bd3449d4f02f2b4} }
@gitcommit{e757ca2,
 author = {Claudio Duchi},
 date = {2019-07-09},
 title = {txs auto checkin
},
 commithash = {e757ca2c8b31b250663d2475f9c9b18ccee1e464} }
@gitcommit{8c2ef67,
 author = {Claudio Duchi},
 date = {2019-07-09},
 title = {txs auto checkin
},
 commithash = {8c2ef67416745a7e67ed091d9e0b9f7bb1e75e67} }
@gitcommit{55ded16,
 author = {Claudio Duchi},
 date = {2019-07-09},
 title = {txs auto checkin
},
 commithash = {55ded169a148899c7aecd9728c17d2a28fffc29f} }
@gitcommit{c9df9d7,
 author = {Claudio Duchi},
 date = {2019-07-09},
 title = {txs auto checkin
},
 commithash = {c9df9d7ae53133a7a087dffdd865a98553faf22b} }
@gitcommit{a03e6e3,
 author = {Claudio Duchi},
 date = {2019-07-10},
 title = {txs auto checkin
},
 commithash = {a03e6e3c060cbf7553f58120b0f6e34d928113ae} }
@gitcommit{892a7f9,
 author = {Claudio Duchi},
 date = {2019-07-10},
 title = {txs auto checkin
},
 commithash = {892a7f944ef57ea3d58a4810fb3b9b64200970a0} }
@gitcommit{f5b076a,
 author = {Claudio Duchi},
 date = {2019-07-10},
 title = {txs auto checkin
},
 commithash = {f5b076a52b4b1364b2cd9f343536cdd828b327f4} }
@gitcommit{011ebd8,
 author = {Claudio Duchi},
 date = {2019-07-10},
 title = {txs auto checkin
},
 commithash = {011ebd886175f748606f1462f404781401fa281c} }
@gitcommit{a11f7a1,
 author = {Claudio Duchi},
 date = {2019-07-10},
 title = {txs auto checkin
},
 commithash = {a11f7a138b103724c9855c572082536f2b0e1c6d} }
@gitcommit{71fcba4,
 author = {Claudio Duchi},
 date = {2019-07-10},
 title = {txs auto checkin
},
 commithash = {71fcba48b92e97560c0deeb5a3344e4d566f8ed8} }
@gitcommit{f443abc,
 author = {Claudio Duchi},
 date = {2019-07-10},
 title = {txs auto checkin
},
 commithash = {f443abc4e754e9e929b026b6ed7da5af0d6b9a22} }
@gitcommit{20cbb4b,
 author = {Claudio Duchi},
 date = {2019-07-10},
 title = {passaggio a pacchetti test
},
 commithash = {20cbb4b2938a4dd8c5778b08432fa99ba2bd5a96} }
@gitcommit{b88cd2f,
 author = {Claudio Duchi},
 date = {2019-07-10},
 title = {txs auto checkin
},
 commithash = {b88cd2fadd1881f5f25275c9ea08266c5f66225e} }
@gitcommit{aca5f73,
 author = {Claudio Duchi},
 date = {2019-07-10},
 title = {txs auto checkin
},
 commithash = {aca5f73fa0dcd0546d6ef567e4533a27397d7ce4} }
@gitcommit{006bfad,
 author = {Claudio Duchi},
 date = {2019-07-10},
 title = {txs auto checkin
},
 commithash = {006bfaddd723997d23a22b660a8cd4987e8c008f} }
@gitcommit{a43e0f6,
 author = {Claudio Duchi},
 date = {2019-07-10},
 title = {txs auto checkin
},
 commithash = {a43e0f64f144085ef059ba015d93b368a8459b4e} }
@gitcommit{f179dea,
 author = {Claudio Duchi},
 date = {2019-07-10},
 title = {txs auto checkin
},
 commithash = {f179deaaba049d392457ccb0453e5363d93e651d} }
@gitcommit{cfde878,
 author = {Claudio Duchi},
 date = {2019-07-10},
 title = {txs auto checkin
},
 commithash = {cfde878649a48899678772f52a617840bcc31ba2} }
@gitcommit{51ca3c1,
 author = {Claudio Duchi},
 date = {2019-07-10},
 title = {txs auto checkin
},
 commithash = {51ca3c1f7742d9f3b635e0e7ec765cfdb0a6fd51} }
@gitcommit{7db6459,
 author = {Claudio Duchi},
 date = {2019-07-10},
 title = {txs auto checkin
},
 commithash = {7db6459f5d5f2447c97beae92912d5ed864f6e8a} }
@gitcommit{85f48a2,
 author = {Claudio Duchi},
 date = {2019-07-10},
 title = {txs auto checkin
},
 commithash = {85f48a2e05050aeae3c78edf77df2706b5865e02} }
@gitcommit{a333dfe,
 author = {Claudio Duchi},
 date = {2019-07-10},
 title = {txs auto checkin
},
 commithash = {a333dfec1312b09ba644124e04a85d9d65f6d44b} }
@gitcommit{a83baf3,
 author = {Claudio Duchi},
 date = {2019-07-10},
 title = {txs auto checkin
},
 commithash = {a83baf3f570859cc6b4138c977263de17475376b} }
@gitcommit{b995c4d,
 author = {Claudio Duchi},
 date = {2019-07-10},
 title = {txs auto checkin
},
 commithash = {b995c4d8ac4ada12eca08654d61ed1896e9a84a4} }
@gitcommit{faecf20,
 author = {Claudio Duchi},
 date = {2019-07-10},
 title = {txs auto checkin
},
 commithash = {faecf2008b4a2c80b3f1a73fcdfe88a745d83cb3} }
@gitcommit{d9cb76f,
 author = {Claudio Duchi},
 date = {2019-07-10},
 title = {txs auto checkin
},
 commithash = {d9cb76ffd804e2c256caa279abdd9f222ffffd13} }
@gitcommit{4872470,
 author = {Claudio Duchi},
 date = {2019-07-10},
 title = {txs auto checkin
},
 commithash = {48724702b06c5049e3c63891d41b47f653d86ee9} }
@gitcommit{b651098,
 author = {Claudio Duchi},
 date = {2019-07-11},
 title = {txs auto checkin
},
 commithash = {b651098b059d480e379bd87da11b07f481911fe8} }
@gitcommit{e7694db,
 author = {Claudio Duchi},
 date = {2019-07-11},
 title = {txs auto checkin
},
 commithash = {e7694db1914b3cb132f6def76672ae6cd6d1f1f4} }
@gitcommit{644a44d,
 author = {Claudio Duchi},
 date = {2019-07-11},
 title = {txs auto checkin
},
 commithash = {644a44decc1ef9d808ff1aef2c355a2da652fb7b} }
@gitcommit{7220383,
 author = {Claudio Duchi},
 date = {2019-07-11},
 title = {txs auto checkin
},
 commithash = {722038337aee68f05edec8073638c7100dc28a74} }
@gitcommit{ed41c98,
 author = {Claudio Duchi},
 date = {2019-07-11},
 title = {txs auto checkin
},
 commithash = {ed41c98ca1306498396054d1027a96b63683bd31} }
@gitcommit{7453c93,
 author = {Claudio Duchi},
 date = {2019-07-11},
 title = {txs auto checkin
},
 commithash = {7453c93c7b50902d21a440ff8a0926ea5dd07764} }
@gitcommit{0c1eabb,
 author = {Claudio Duchi},
 date = {2019-07-11},
 title = {txs auto checkin
},
 commithash = {0c1eabbad2b07da0d72b8afd636f3231a2f4b17f} }
@gitcommit{7e11a47,
 author = {Claudio Duchi},
 date = {2019-07-13},
 title = {txs auto checkin
},
 commithash = {7e11a47a75a4f07af94519138684992664c48724} }
@gitcommit{e2660cc,
 author = {Claudio Duchi},
 date = {2019-07-13},
 title = {txs auto checkin
},
 commithash = {e2660cc507ff9964a1c63001953d196138116df4} }
@gitcommit{7d1e2df,
 author = {Claudio Duchi},
 date = {2019-07-13},
 title = {txs auto checkin
},
 commithash = {7d1e2dffee6eddc9ee8f6785b320a63781676e62} }
@gitcommit{0f9a0bd,
 author = {Claudio Duchi},
 date = {2019-07-13},
 title = {txs auto checkin
},
 commithash = {0f9a0bd142179c3af6cf11a85a3e019373a5f43e} }